@Misc{honeypot,
    title = {Kippo},
    author = {Kippo},
    howpublished = {\url{https://github.com/desaster/kippo}},
    year = 2014
}
@Misc{kojoney,
    title = {Bitcoin: A peer-to-peer electronic cash system},
    author = {Nakamoto, Satoshi},
    howpublished = {\url{http://www.cryptovest.co.uk/resources/Bitcoin%20paper%20Original.pdf}},
    year = 2008
}
@Misc{Ethereum,
    title = {"A next-generation smart contract and decentralized application platform." white paper},
    author = {Buterin, Vitalik},
    howpublished = {\url{https://www.weusecoins.com/assets/pdf/library/Ethereum_white_paper-a_next_generation_smart_contract_and_decentralized_application_platform-vitalik-buterin.pdf}},
    month = April,
    year = 2014
}

@Article{3dprintwithrfid,
    title={RFID 3D printing objects that connote information},
    author={Fujiyoshi, Ken and Fukai, Chihiro and Tanaka, Hiroya and Mitsugi, Jin and Murai, Jun},
    journal={NIP \& Digital Fabrication Conference 2014 1},
    pages={316--319},
    year=2014
}

@Misc{3dprintermarket,
    title = {
Worldwide Spending on 3D Printing Forecast to Grow at a Compound Annual Rate of 27% to More Than $26 Billion in 2019, According to IDC},
    howpublished = {\url{http://www.idc.com/getdoc.jsp?containerId=prUS40960716}},
    month = January,
    year = 2016
}

@Misc{FabLab,
    title = {Fablab Japan},
    howpublished = {\url{http://fablabjapan.org/}},
}

@Article{mota2011rise,
  title={The rise of personal fabrication},
  author={Mota, Catarina},
  journal={Proceedings of the 8th ACM conference on Creativity and cognition},
  pages={279--288},
  year=2011,
  organization={ACM}
}

@Misc{Thingiverse,
    title = {Thingiverse},
    howpublished = {\url{http://www.thingiverse.com/}},
}


@Misc{PLthinking,
    title = {第13次　国民生活審議会　消費者政策部会報告 製造物責任制度の在り方},
    howpublished = {\url{http://www.caa.go.jp/seikatsu/shingikai2/kako/spc13/houkoku_g/spc13-houkoku_g-4-1.html}},
    author = {消費者庁},
    year=1992
}

@Article{willis2013infrastructs,
  title={InfraStructs: fabricating information inside physical objects for imaging in the terahertz region},
  author={Willis, Karl DD and Wilson, Andrew D},
  journal={ACM Transactions on Graphics (TOG)},
  volume={32},
  number={4},
  pages={138},
  year={2013},
  publisher={ACM}
}

@Misc{proofofexistence,
    title = {Proof of Existence},
    howpublished = {\url{https://proofofexistence.com/}}
}
@Misc{namecoin,
  title={Namecoin},
  howpublished={\url{https://namecoin.org/}}
}
@Misc{octoprint,
  title={Octoprint},
  howpublished={\url{http://octoprint.org/}}
}
@Misc{geth,
  title={geth},
  howpublished={\url{https://github.com/ethereum/go-ethereum/wiki/geth}}
}
@Misc{3dprintProstheticleg,
  title={3Dプリント義足を共同開発},
  author={全日本空輸株式会社},
  howpublished={\url{http://www.ana.co.jp/group/pr/201608/20160829-2.html}}
}

@Article{3Dprintkodama,
  title={立体図形作成装置},
  author={小玉秀男},
  journal={特開昭56-144478},
  year={1980}
}

@Article{gachaponPL,
  title={鹿児島地裁平成20年5月20日判決},
  journal={判例時報},
  volume={2015号},
  year={2008}
}

@Article{opendesign,
  title={パーソナルファブリケーション時代におけるものづくりのオープンソース化の動向と Fab Commons の提案},
  author={田中浩也},
  journal={情報処理},
  volume={54},
  number={2},
  pages={127--134},
  year={2013},
  publisher={情報処理学会; 1960-}
}

@Misc{Ethhashrate,
  title={Top Miners By Blocks Pie Chart},
  author={Etherscan},
  howpublished={\url{https://etherscan.io/stat/miner}}
}

@Article{nisemonoshohin,
  title={偽物商品流通防止に向けたブロックチェーンを利用した商品所有権管理システム},
  author={豊田健太郎 and 笹瀬巌 and 大槻知明 and others},
  journal={コンピュータセキュリティシンポジウム 2016 論文集},
  volume={2016},
  number={2},
  pages={696--703},
  year={2016}
}

@Misc{Ethergit,
  title={EtherGit},
  howpublished={\url{http://ethergit.io/}}
}

@Misc{RaspberryPi,
  title={RaspberryPi},
  howpublished={\url{https://www.raspberrypi.org/}}
}

@Misc{printrbot,
  title={printrbot simple metal},
  howpublished={\url{https://printrbot.com/product-category/3d-printers/simple-metal/}}
}

@Misc{laravel,
  title={laravel},
  howpublished={\url{https://laravel.com/}}
}

@Article{3Dperson,
  title={個人の身体に関する 3D スキャンデータと, その実物大 3D プリント品に対する鑑賞者の行動と考察:「i am」 の制作を通して},
  author={福田香子 and 田中浩也},
  journal={日本バーチャルリアリティ学会論文誌},
  volume={21},
  number={3},
  pages={437--445},
  year={2016},
  publisher={特定非営利活動法人 日本バーチャルリアリティ学会}
}

@Misc{Everledger,
  title={Everledger},
  howpublished={\url{http://www.everledger.io/}}
}

@Article{rosenfeld2014analysis,
  title={Analysis of hashrate-based double spending},
  author={Rosenfeld, Meni},
  journal={arXiv preprint arXiv:1402.2009},
  year={2014}
}

@Article{bhangraeclipse,
  title={単一グローバル台帳暗号通貨のエクリプス攻撃脆弱性分析},
  author={渋田拓也},
  journal={慶応義塾大学政策・メディア研究科修士論文},
  year={2015}
}

@inproceedings{saito2016s,
  title={What’s So Different about Blockchain?—Blockchain is a Probabilistic State Machine},
  author={Saito, Kenji and Yamada, Hiroyuki},
  booktitle={Distributed Computing Systems Workshops (ICDCSW), 2016 IEEE 36th International Conference on},
  pages={168--175},
  year={2016},
  organization={IEEE}
}

@Misc{ethereumclassic,
  title={Ethereum Classic},
  howpublished={\url{https://ethereumclassic.github.io/}}
}

@Article{Powsecurity,
  title={On the Security and Performance of Proof of Work Blockchains},
  author={Gervais, Arthur and Karame, Ghassan O and Wüst, Karl and Glykantzis, Vasileios and Ritzdorf, Hubert and Capkun, Srdjan}
}


@Misc{McCallumHDD,
  title={Disk Drive Prices (1955-2017)},
  howpublished={\url{http://www.jcmit.com/diskprice.htm}},
  author={John C. McCallum}
}

@Article{3dprintershukka,
  title={3Ｄプリンタ世界市場に関する調査を実施（2016 年）－産業用ハイエンド 3D プリンタ好調 最終製品の造形が進む－},
  author={矢野経済研究所},
  howpublished={\url{https://www.yano.co.jp/press/press.php/001626}}
}

@Misc{bitcoinhashrate,
  title={Hashrate Distribution},
  howpublished={\url{https://blockchain.info/ja/pools}},
  author={Blockchain.info}
}

@Misc{storj,
  title={Storj},
  howpublished={\url{https://storj.io/}},
}

